@InBook{tomas2010bda,
      author = {Pedro Tom\'{a}s and Aleksandar Ilic and Leonel Sousa},
       title = {Biomedical Diagnostics and Clinical Technologies: Applying High-Performance Cluster and Grid Computing},
     chapter = {Massive Data Classification of Neural Responses},
   publisher = {IGI Global},
       month = {2},
        year = {2010},
}

@Article{tomas2010aqa,
      author = {Pedro Tom\'{a}s and Leonel Sousa},
       title = {A quantitative analysis of firing rate estimators: unveiling bias sources},
     journal = {Neurocomputing},
   publisher = {Elsevier},
      number = {73},
       pages = {2944-2954},
       month = {10},
        year = {2010},
        link = {6424},
}

@InProceedings{ramalho2010eic,
      author = {Rui Miguel Marm\'{e} Ramalho and Pedro Tom\'{a}s and Leonel Sousa},
       title = {Efficient Independent Component Analysis on a GPU},
   booktitle = {10th IEEE International Conference on Computer and Information Technology},
   publisher = {IEEE Computer Society},
       pages = {1128-1133},
    location = {Bradford, West Yorkshire, UK},
       month = {6},
        year = {2010},
}

@PhDThesis{tomas2009nct,
      author = {Pedro Tom\'{a}s},
       title = {Neural Code: Tunning and Assessment of Retina Models},
      school = {IST, Universidade Técnica de Lisboa},
       month = {3},
        year = {2009},
     address = {Lisboa, Portugal},
}

@MasterThesis{tomas2006aat,
      author = {Pedro Tom\'{a}s},
       title = {Algorithms and tools for automatic generation of DSP hardware structures},
      school = {Instituto Superior Técnico},
       month = {1},
        year = {2006},
        link = {http://www.inesc-id.pt/ficheiros/publicacoes/1844.pdf},
}

@TechReport{tomas2007sao,
      author = {Pedro Tom\'{a}s and Leonel Sousa},
       title = {Statistical Analysis of a Spike Train Distance in Poisson models},
 institution = {INESC-ID},
       month = {11},
        year = {2007},
}

@Misc{mylink,
 OPTkey = {},
 author = {S. Merkel},
 OPTtitle = {},
 howpublished = {http://merkel.zoneo.net/Latex/natbib.php},
 month = {December},
 year = {2010},
 OPTnote = {},
 OPTannote = {},
 OPTdoi = {},
 OPTissn = {},
 OPTlocalfile = {},
}
