
@article{multi_layer_semantics,
author = {Ichiki, H.},
title = {{ Self-organizing multilayer semantic maps}},
url = {http://ieeexplore.ieee.org/xpl/articleDetails.jsp?arnumber=155203},
year = {1991}
}

@article{multi_layer_semantics,
author = {Kemke C.,Wichert A.},
title = {{ Hierarchical self-organizing feature maps for speech recognition In: World Conference on Neural Networks WCNN’93,vol. 3. Lawrence Erlbaum, Hillsdale,pp. 45–47}},
year = {1993}
}

@article{intrusion_som,
author = {Pachghare, V.K., Kulkarni, P. , Nikam, D.M.},
title = {{ Intrusion Detection System using Self Organizing Maps}},
year = {2009}
}

@article{phonetic_typewiter,
author = {Kohonen, T.},
title = {{ The 'neural' phonetic typewriter, pages 11 - 22 }},
year = {1988}
}

@book{Baeza-Yates:1999:MIR:553876,
 author = {Baeza-Yates, Ricardo A. and Ribeiro-Neto, Berthier},
 title = {Modern Information Retrieval},
 year = {1999},
 isbn = {020139829X},
 publisher = {Addison-Wesley Longman Publishing Co., Inc.},
 address = {Boston, MA, USA},
} 